%YAML 1.1
%TAG !u! tag:unity3d.com,2011:
--- !u!1 &6281639406128553224
GameObject:
  m_ObjectHideFlags: 0
  m_CorrespondingSourceObject: {fileID: 0}
  m_PrefabInstance: {fileID: 0}
  m_PrefabAsset: {fileID: 0}
  serializedVersion: 6
  m_Component:
  - component: {fileID: 6281639406128553225}
  m_Layer: 0
  m_Name: Island
  m_TagString: Untagged
  m_Icon: {fileID: 0}
  m_NavMeshLayer: 0
  m_StaticEditorFlags: 0
  m_IsActive: 1
--- !u!4 &6281639406128553225
Transform:
  m_ObjectHideFlags: 0
  m_CorrespondingSourceObject: {fileID: 0}
  m_PrefabInstance: {fileID: 0}
  m_PrefabAsset: {fileID: 0}
  m_GameObject: {fileID: 6281639406128553224}
  m_LocalRotation: {x: 0, y: 0, z: 0, w: 1}
  m_LocalPosition: {x: 0, y: -12.36, z: 1.3}
  m_LocalScale: {x: 1, y: 1.0000005, z: 1.0000005}
  m_Children:
  - {fileID: 1321359043453394358}
  - {fileID: 1321359043838370199}
  - {fileID: 1321359043169258790}
  - {fileID: 1321359045210542689}
  - {fileID: 1321359043514345223}
  - {fileID: 2024645274}
  - {fileID: 8554810875240436965}
  m_Father: {fileID: 0}
  m_RootOrder: 0
  m_LocalEulerAnglesHint: {x: 0, y: 0, z: 0}
--- !u!1 &6969705194854968845
GameObject:
  m_ObjectHideFlags: 0
  m_CorrespondingSourceObject: {fileID: 0}
  m_PrefabInstance: {fileID: 0}
  m_PrefabAsset: {fileID: 0}
  serializedVersion: 6
  m_Component:
  - component: {fileID: 8554810875240436965}
  - component: {fileID: 4730541788370807438}
  m_Layer: 0
  m_Name: Directional Light (1)
  m_TagString: Untagged
  m_Icon: {fileID: 0}
  m_NavMeshLayer: 0
  m_StaticEditorFlags: 0
  m_IsActive: 1
--- !u!4 &8554810875240436965
Transform:
  m_ObjectHideFlags: 0
  m_CorrespondingSourceObject: {fileID: 0}
  m_PrefabInstance: {fileID: 0}
  m_PrefabAsset: {fileID: 0}
  m_GameObject: {fileID: 6969705194854968845}
  m_LocalRotation: {x: 0.007939517, y: 0.78093547, z: -0.599878, w: 0.17384808}
  m_LocalPosition: {x: 0, y: 12.359995, z: -1.2999994}
  m_LocalScale: {x: 1, y: 1, z: 1}
  m_Children: []
  m_Father: {fileID: 6281639406128553225}
  m_RootOrder: 6
  m_LocalEulerAnglesHint: {x: 70, y: 130, z: -35}
--- !u!108 &4730541788370807438
Light:
  m_ObjectHideFlags: 0
  m_CorrespondingSourceObject: {fileID: 0}
  m_PrefabInstance: {fileID: 0}
  m_PrefabAsset: {fileID: 0}
  m_GameObject: {fileID: 6969705194854968845}
  m_Enabled: 1
  serializedVersion: 9
  m_Type: 1
  m_Color: {r: 0.9528302, g: 0.7692387, b: 0.22921856, a: 1}
  m_Intensity: 0.7
  m_Range: 10
  m_SpotAngle: 30
  m_InnerSpotAngle: 21.80208
  m_CookieSize: 10
  m_Shadows:
    m_Type: 2
    m_Resolution: 3
    m_CustomResolution: -1
    m_Strength: 1
    m_Bias: 0.05
    m_NormalBias: 0.4
    m_NearPlane: 0.2
    m_CullingMatrixOverride:
      e00: 1
      e01: 0
      e02: 0
      e03: 0
      e10: 0
      e11: 1
      e12: 0
      e13: 0
      e20: 0
      e21: 0
      e22: 1
      e23: 0
      e30: 0
      e31: 0
      e32: 0
      e33: 1
    m_UseCullingMatrixOverride: 0
  m_Cookie: {fileID: 0}
  m_DrawHalo: 0
  m_Flare: {fileID: 0}
  m_RenderMode: 0
  m_CullingMask:
    serializedVersion: 2
    m_Bits: 4294967295
  m_RenderingLayerMask: 1
  m_Lightmapping: 2
  m_LightShadowCasterMode: 0
  m_AreaSize: {x: 1, y: 1}
  m_BounceIntensity: 1
  m_ColorTemperature: 6570
  m_UseColorTemperature: 0
  m_BoundingSphereOverride: {x: 0, y: 0, z: 0, w: 0}
  m_UseBoundingSphereOverride: 0
  m_ShadowRadius: 0
  m_ShadowAngle: 0
--- !u!1001 &2024519706
PrefabInstance:
  m_ObjectHideFlags: 0
  serializedVersion: 2
  m_Modification:
    m_TransformParent: {fileID: 6281639406128553225}
    m_Modifications:
    - target: {fileID: 100000, guid: 48a7af9726b098c4593b67b5e46067b7, type: 3}
      propertyPath: m_Name
      value: Sand
      objectReference: {fileID: 0}
    - target: {fileID: 400000, guid: 48a7af9726b098c4593b67b5e46067b7, type: 3}
      propertyPath: m_LocalPosition.x
      value: 0
      objectReference: {fileID: 0}
    - target: {fileID: 400000, guid: 48a7af9726b098c4593b67b5e46067b7, type: 3}
      propertyPath: m_LocalPosition.y
      value: 9.3
      objectReference: {fileID: 0}
    - target: {fileID: 400000, guid: 48a7af9726b098c4593b67b5e46067b7, type: 3}
      propertyPath: m_LocalPosition.z
      value: 0
      objectReference: {fileID: 0}
    - target: {fileID: 400000, guid: 48a7af9726b098c4593b67b5e46067b7, type: 3}
      propertyPath: m_LocalRotation.x
      value: 0
      objectReference: {fileID: 0}
    - target: {fileID: 400000, guid: 48a7af9726b098c4593b67b5e46067b7, type: 3}
      propertyPath: m_LocalRotation.y
      value: 0
      objectReference: {fileID: 0}
    - target: {fileID: 400000, guid: 48a7af9726b098c4593b67b5e46067b7, type: 3}
      propertyPath: m_LocalRotation.z
      value: 0
      objectReference: {fileID: 0}
    - target: {fileID: 400000, guid: 48a7af9726b098c4593b67b5e46067b7, type: 3}
      propertyPath: m_LocalRotation.w
      value: 1
      objectReference: {fileID: 0}
    - target: {fileID: 400000, guid: 48a7af9726b098c4593b67b5e46067b7, type: 3}
      propertyPath: m_RootOrder
      value: 5
      objectReference: {fileID: 0}
    - target: {fileID: 400000, guid: 48a7af9726b098c4593b67b5e46067b7, type: 3}
      propertyPath: m_LocalEulerAnglesHint.x
      value: 0
      objectReference: {fileID: 0}
    - target: {fileID: 400000, guid: 48a7af9726b098c4593b67b5e46067b7, type: 3}
      propertyPath: m_LocalEulerAnglesHint.y
      value: 0
      objectReference: {fileID: 0}
    - target: {fileID: 400000, guid: 48a7af9726b098c4593b67b5e46067b7, type: 3}
      propertyPath: m_LocalEulerAnglesHint.z
      value: 0
      objectReference: {fileID: 0}
    m_RemovedComponents: []
  m_SourcePrefab: {fileID: 100100000, guid: 48a7af9726b098c4593b67b5e46067b7, type: 3}
--- !u!4 &2024645274 stripped
Transform:
  m_CorrespondingSourceObject: {fileID: 400000, guid: 48a7af9726b098c4593b67b5e46067b7,
    type: 3}
  m_PrefabInstance: {fileID: 2024519706}
  m_PrefabAsset: {fileID: 0}
--- !u!1001 &6281639405656679996
PrefabInstance:
  m_ObjectHideFlags: 0
  serializedVersion: 2
  m_Modification:
    m_TransformParent: {fileID: 6281639406128553225}
    m_Modifications:
    - target: {fileID: -927199367670048503, guid: f6cce50bde112514d8032c2fd5ede4c2,
        type: 3}
      propertyPath: m_Name
      value: Plant
      objectReference: {fileID: 0}
    - target: {fileID: -4216859302048453862, guid: f6cce50bde112514d8032c2fd5ede4c2,
        type: 3}
      propertyPath: m_LocalPosition.x
      value: -0
      objectReference: {fileID: 0}
    - target: {fileID: -4216859302048453862, guid: f6cce50bde112514d8032c2fd5ede4c2,
        type: 3}
      propertyPath: m_LocalPosition.y
      value: 0
      objectReference: {fileID: 0}
    - target: {fileID: -4216859302048453862, guid: f6cce50bde112514d8032c2fd5ede4c2,
        type: 3}
      propertyPath: m_LocalPosition.z
      value: 0
      objectReference: {fileID: 0}
    - target: {fileID: -4216859302048453862, guid: f6cce50bde112514d8032c2fd5ede4c2,
        type: 3}
      propertyPath: m_LocalRotation.x
      value: 0
      objectReference: {fileID: 0}
    - target: {fileID: -4216859302048453862, guid: f6cce50bde112514d8032c2fd5ede4c2,
        type: 3}
      propertyPath: m_LocalRotation.y
      value: -0
      objectReference: {fileID: 0}
    - target: {fileID: -4216859302048453862, guid: f6cce50bde112514d8032c2fd5ede4c2,
        type: 3}
      propertyPath: m_LocalRotation.z
      value: -0
      objectReference: {fileID: 0}
    - target: {fileID: -4216859302048453862, guid: f6cce50bde112514d8032c2fd5ede4c2,
        type: 3}
      propertyPath: m_LocalRotation.w
      value: 1
      objectReference: {fileID: 0}
    - target: {fileID: -4216859302048453862, guid: f6cce50bde112514d8032c2fd5ede4c2,
        type: 3}
      propertyPath: m_RootOrder
      value: 2
      objectReference: {fileID: 0}
    - target: {fileID: -4216859302048453862, guid: f6cce50bde112514d8032c2fd5ede4c2,
        type: 3}
      propertyPath: m_LocalEulerAnglesHint.x
      value: 0
      objectReference: {fileID: 0}
    - target: {fileID: -4216859302048453862, guid: f6cce50bde112514d8032c2fd5ede4c2,
        type: 3}
      propertyPath: m_LocalEulerAnglesHint.y
      value: 0
      objectReference: {fileID: 0}
    - target: {fileID: -4216859302048453862, guid: f6cce50bde112514d8032c2fd5ede4c2,
        type: 3}
      propertyPath: m_LocalEulerAnglesHint.z
      value: 0
      objectReference: {fileID: 0}
    - target: {fileID: 6389270071392062419, guid: f6cce50bde112514d8032c2fd5ede4c2,
        type: 3}
      propertyPath: m_LocalRotation.x
      value: 0.04475275
      objectReference: {fileID: 0}
    - target: {fileID: 6389270071392062419, guid: f6cce50bde112514d8032c2fd5ede4c2,
        type: 3}
      propertyPath: m_LocalRotation.y
      value: -0.636569
      objectReference: {fileID: 0}
    - target: {fileID: 6389270071392062419, guid: f6cce50bde112514d8032c2fd5ede4c2,
        type: 3}
      propertyPath: m_LocalRotation.z
      value: 0.0120181525
      objectReference: {fileID: 0}
    - target: {fileID: 6389270071392062419, guid: f6cce50bde112514d8032c2fd5ede4c2,
        type: 3}
      propertyPath: m_LocalRotation.w
      value: 0.76982635
      objectReference: {fileID: 0}
    - target: {fileID: 6389270071392062419, guid: f6cce50bde112514d8032c2fd5ede4c2,
        type: 3}
      propertyPath: m_LocalPosition.x
      value: 11.216559
      objectReference: {fileID: 0}
    - target: {fileID: 6389270071392062419, guid: f6cce50bde112514d8032c2fd5ede4c2,
        type: 3}
      propertyPath: m_LocalPosition.y
      value: 0.5483682
      objectReference: {fileID: 0}
    - target: {fileID: 6389270071392062419, guid: f6cce50bde112514d8032c2fd5ede4c2,
        type: 3}
      propertyPath: m_LocalPosition.z
      value: -9.078268
      objectReference: {fileID: 0}
    - target: {fileID: 6389270071392062419, guid: f6cce50bde112514d8032c2fd5ede4c2,
        type: 3}
      propertyPath: m_LocalEulerAnglesHint.x
      value: 4.8300004
      objectReference: {fileID: 0}
    - target: {fileID: 6389270071392062419, guid: f6cce50bde112514d8032c2fd5ede4c2,
        type: 3}
      propertyPath: m_LocalEulerAnglesHint.y
      value: -79.268005
      objectReference: {fileID: 0}
    - target: {fileID: 6389270071392062419, guid: f6cce50bde112514d8032c2fd5ede4c2,
        type: 3}
      propertyPath: m_LocalEulerAnglesHint.z
      value: -2.213
      objectReference: {fileID: 0}
    - target: {fileID: -4557358580619295787, guid: f6cce50bde112514d8032c2fd5ede4c2,
        type: 3}
      propertyPath: m_LocalRotation.x
      value: 0.04475275
      objectReference: {fileID: 0}
    - target: {fileID: -4557358580619295787, guid: f6cce50bde112514d8032c2fd5ede4c2,
        type: 3}
      propertyPath: m_LocalRotation.y
      value: -0.636569
      objectReference: {fileID: 0}
    - target: {fileID: -4557358580619295787, guid: f6cce50bde112514d8032c2fd5ede4c2,
        type: 3}
      propertyPath: m_LocalRotation.z
      value: 0.0120181525
      objectReference: {fileID: 0}
    - target: {fileID: -4557358580619295787, guid: f6cce50bde112514d8032c2fd5ede4c2,
        type: 3}
      propertyPath: m_LocalRotation.w
      value: 0.76982635
      objectReference: {fileID: 0}
    - target: {fileID: -4557358580619295787, guid: f6cce50bde112514d8032c2fd5ede4c2,
        type: 3}
      propertyPath: m_LocalPosition.x
      value: 11.216559
      objectReference: {fileID: 0}
    - target: {fileID: -4557358580619295787, guid: f6cce50bde112514d8032c2fd5ede4c2,
        type: 3}
      propertyPath: m_LocalPosition.y
      value: 0.5483682
      objectReference: {fileID: 0}
    - target: {fileID: -4557358580619295787, guid: f6cce50bde112514d8032c2fd5ede4c2,
        type: 3}
      propertyPath: m_LocalPosition.z
      value: -9.078268
      objectReference: {fileID: 0}
    - target: {fileID: -4557358580619295787, guid: f6cce50bde112514d8032c2fd5ede4c2,
        type: 3}
      propertyPath: m_LocalEulerAnglesHint.x
      value: 4.8300004
      objectReference: {fileID: 0}
    - target: {fileID: -4557358580619295787, guid: f6cce50bde112514d8032c2fd5ede4c2,
        type: 3}
      propertyPath: m_LocalEulerAnglesHint.y
      value: -79.268005
      objectReference: {fileID: 0}
    - target: {fileID: -4557358580619295787, guid: f6cce50bde112514d8032c2fd5ede4c2,
        type: 3}
      propertyPath: m_LocalEulerAnglesHint.z
      value: -2.213
      objectReference: {fileID: 0}
    - target: {fileID: -8503571905213676709, guid: f6cce50bde112514d8032c2fd5ede4c2,
        type: 3}
      propertyPath: m_LocalRotation.x
      value: 0.04475275
      objectReference: {fileID: 0}
    - target: {fileID: -8503571905213676709, guid: f6cce50bde112514d8032c2fd5ede4c2,
        type: 3}
      propertyPath: m_LocalRotation.y
      value: -0.636569
      objectReference: {fileID: 0}
    - target: {fileID: -8503571905213676709, guid: f6cce50bde112514d8032c2fd5ede4c2,
        type: 3}
      propertyPath: m_LocalRotation.z
      value: 0.0120181525
      objectReference: {fileID: 0}
    - target: {fileID: -8503571905213676709, guid: f6cce50bde112514d8032c2fd5ede4c2,
        type: 3}
      propertyPath: m_LocalRotation.w
      value: 0.76982635
      objectReference: {fileID: 0}
    - target: {fileID: -8503571905213676709, guid: f6cce50bde112514d8032c2fd5ede4c2,
        type: 3}
      propertyPath: m_LocalPosition.x
      value: 11.216559
      objectReference: {fileID: 0}
    - target: {fileID: -8503571905213676709, guid: f6cce50bde112514d8032c2fd5ede4c2,
        type: 3}
      propertyPath: m_LocalPosition.y
      value: 0.5483682
      objectReference: {fileID: 0}
    - target: {fileID: -8503571905213676709, guid: f6cce50bde112514d8032c2fd5ede4c2,
        type: 3}
      propertyPath: m_LocalPosition.z
      value: -9.078268
      objectReference: {fileID: 0}
    - target: {fileID: -8503571905213676709, guid: f6cce50bde112514d8032c2fd5ede4c2,
        type: 3}
      propertyPath: m_LocalEulerAnglesHint.x
      value: 4.8300004
      objectReference: {fileID: 0}
    - target: {fileID: -8503571905213676709, guid: f6cce50bde112514d8032c2fd5ede4c2,
        type: 3}
      propertyPath: m_LocalEulerAnglesHint.y
      value: -79.268005
      objectReference: {fileID: 0}
    - target: {fileID: -8503571905213676709, guid: f6cce50bde112514d8032c2fd5ede4c2,
        type: 3}
      propertyPath: m_LocalEulerAnglesHint.z
      value: -2.213
      objectReference: {fileID: 0}
    - target: {fileID: 3769989044026290522, guid: f6cce50bde112514d8032c2fd5ede4c2,
        type: 3}
      propertyPath: m_LocalRotation.x
      value: 0.04475275
      objectReference: {fileID: 0}
    - target: {fileID: 3769989044026290522, guid: f6cce50bde112514d8032c2fd5ede4c2,
        type: 3}
      propertyPath: m_LocalRotation.y
      value: -0.636569
      objectReference: {fileID: 0}
    - target: {fileID: 3769989044026290522, guid: f6cce50bde112514d8032c2fd5ede4c2,
        type: 3}
      propertyPath: m_LocalRotation.z
      value: 0.0120181525
      objectReference: {fileID: 0}
    - target: {fileID: 3769989044026290522, guid: f6cce50bde112514d8032c2fd5ede4c2,
        type: 3}
      propertyPath: m_LocalRotation.w
      value: 0.76982635
      objectReference: {fileID: 0}
    - target: {fileID: 3769989044026290522, guid: f6cce50bde112514d8032c2fd5ede4c2,
        type: 3}
      propertyPath: m_LocalPosition.x
      value: 11.216559
      objectReference: {fileID: 0}
    - target: {fileID: 3769989044026290522, guid: f6cce50bde112514d8032c2fd5ede4c2,
        type: 3}
      propertyPath: m_LocalPosition.y
      value: 0.5483682
      objectReference: {fileID: 0}
    - target: {fileID: 3769989044026290522, guid: f6cce50bde112514d8032c2fd5ede4c2,
        type: 3}
      propertyPath: m_LocalPosition.z
      value: -9.078268
      objectReference: {fileID: 0}
    - target: {fileID: 3769989044026290522, guid: f6cce50bde112514d8032c2fd5ede4c2,
        type: 3}
      propertyPath: m_LocalEulerAnglesHint.x
      value: 4.8300004
      objectReference: {fileID: 0}
    - target: {fileID: 3769989044026290522, guid: f6cce50bde112514d8032c2fd5ede4c2,
        type: 3}
      propertyPath: m_LocalEulerAnglesHint.y
      value: -79.268005
      objectReference: {fileID: 0}
    - target: {fileID: 3769989044026290522, guid: f6cce50bde112514d8032c2fd5ede4c2,
        type: 3}
      propertyPath: m_LocalEulerAnglesHint.z
      value: -2.213
      objectReference: {fileID: 0}
    - target: {fileID: -6538331735900629581, guid: f6cce50bde112514d8032c2fd5ede4c2,
        type: 3}
      propertyPath: m_LocalRotation.x
      value: 0.04475275
      objectReference: {fileID: 0}
    - target: {fileID: -6538331735900629581, guid: f6cce50bde112514d8032c2fd5ede4c2,
        type: 3}
      propertyPath: m_LocalRotation.y
      value: -0.636569
      objectReference: {fileID: 0}
    - target: {fileID: -6538331735900629581, guid: f6cce50bde112514d8032c2fd5ede4c2,
        type: 3}
      propertyPath: m_LocalRotation.z
      value: 0.0120181525
      objectReference: {fileID: 0}
    - target: {fileID: -6538331735900629581, guid: f6cce50bde112514d8032c2fd5ede4c2,
        type: 3}
      propertyPath: m_LocalRotation.w
      value: 0.76982635
      objectReference: {fileID: 0}
    - target: {fileID: -6538331735900629581, guid: f6cce50bde112514d8032c2fd5ede4c2,
        type: 3}
      propertyPath: m_LocalPosition.x
      value: 11.216559
      objectReference: {fileID: 0}
    - target: {fileID: -6538331735900629581, guid: f6cce50bde112514d8032c2fd5ede4c2,
        type: 3}
      propertyPath: m_LocalPosition.y
      value: 0.5483682
      objectReference: {fileID: 0}
    - target: {fileID: -6538331735900629581, guid: f6cce50bde112514d8032c2fd5ede4c2,
        type: 3}
      propertyPath: m_LocalPosition.z
      value: -9.078268
      objectReference: {fileID: 0}
    - target: {fileID: -6538331735900629581, guid: f6cce50bde112514d8032c2fd5ede4c2,
        type: 3}
      propertyPath: m_LocalEulerAnglesHint.x
      value: 4.8300004
      objectReference: {fileID: 0}
    - target: {fileID: -6538331735900629581, guid: f6cce50bde112514d8032c2fd5ede4c2,
        type: 3}
      propertyPath: m_LocalEulerAnglesHint.y
      value: -79.268005
      objectReference: {fileID: 0}
    - target: {fileID: -6538331735900629581, guid: f6cce50bde112514d8032c2fd5ede4c2,
        type: 3}
      propertyPath: m_LocalEulerAnglesHint.z
      value: -2.213
      objectReference: {fileID: 0}
    m_RemovedComponents: []
  m_SourcePrefab: {fileID: 100100000, guid: f6cce50bde112514d8032c2fd5ede4c2, type: 3}
--- !u!4 &1321359043169258790 stripped
Transform:
  m_CorrespondingSourceObject: {fileID: -4216859302048453862, guid: f6cce50bde112514d8032c2fd5ede4c2,
    type: 3}
  m_PrefabInstance: {fileID: 6281639405656679996}
  m_PrefabAsset: {fileID: 0}
--- !u!1001 &6281639405909423788
PrefabInstance:
  m_ObjectHideFlags: 0
  serializedVersion: 2
  m_Modification:
    m_TransformParent: {fileID: 6281639406128553225}
    m_Modifications:
    - target: {fileID: -927199367670048503, guid: 5f06d23e36de5c949a47b71dd98f3938,
        type: 3}
      propertyPath: m_Name
      value: Floor
      objectReference: {fileID: 0}
    - target: {fileID: -927199367670048503, guid: 5f06d23e36de5c949a47b71dd98f3938,
        type: 3}
      propertyPath: m_StaticEditorFlags
      value: 4294967295
      objectReference: {fileID: 0}
    - target: {fileID: 2212506353594109371, guid: 5f06d23e36de5c949a47b71dd98f3938,
        type: 3}
      propertyPath: m_StaticEditorFlags
      value: 4294967295
      objectReference: {fileID: 0}
    - target: {fileID: -4216859302048453862, guid: 5f06d23e36de5c949a47b71dd98f3938,
        type: 3}
      propertyPath: m_LocalPosition.x
      value: 0
      objectReference: {fileID: 0}
    - target: {fileID: -4216859302048453862, guid: 5f06d23e36de5c949a47b71dd98f3938,
        type: 3}
      propertyPath: m_LocalPosition.y
      value: 0
      objectReference: {fileID: 0}
    - target: {fileID: -4216859302048453862, guid: 5f06d23e36de5c949a47b71dd98f3938,
        type: 3}
      propertyPath: m_LocalPosition.z
      value: 0
      objectReference: {fileID: 0}
    - target: {fileID: -4216859302048453862, guid: 5f06d23e36de5c949a47b71dd98f3938,
        type: 3}
      propertyPath: m_LocalRotation.x
      value: -0
      objectReference: {fileID: 0}
    - target: {fileID: -4216859302048453862, guid: 5f06d23e36de5c949a47b71dd98f3938,
        type: 3}
      propertyPath: m_LocalRotation.y
      value: -0
      objectReference: {fileID: 0}
    - target: {fileID: -4216859302048453862, guid: 5f06d23e36de5c949a47b71dd98f3938,
        type: 3}
      propertyPath: m_LocalRotation.z
      value: -0
      objectReference: {fileID: 0}
    - target: {fileID: -4216859302048453862, guid: 5f06d23e36de5c949a47b71dd98f3938,
        type: 3}
      propertyPath: m_LocalRotation.w
      value: 1
      objectReference: {fileID: 0}
    - target: {fileID: -4216859302048453862, guid: 5f06d23e36de5c949a47b71dd98f3938,
        type: 3}
      propertyPath: m_RootOrder
      value: 0
      objectReference: {fileID: 0}
    - target: {fileID: -4216859302048453862, guid: 5f06d23e36de5c949a47b71dd98f3938,
        type: 3}
      propertyPath: m_LocalEulerAnglesHint.x
      value: 0
      objectReference: {fileID: 0}
    - target: {fileID: -4216859302048453862, guid: 5f06d23e36de5c949a47b71dd98f3938,
        type: 3}
      propertyPath: m_LocalEulerAnglesHint.y
      value: 0
      objectReference: {fileID: 0}
    - target: {fileID: -4216859302048453862, guid: 5f06d23e36de5c949a47b71dd98f3938,
        type: 3}
      propertyPath: m_LocalEulerAnglesHint.z
      value: 0
      objectReference: {fileID: 0}
    m_RemovedComponents: []
  m_SourcePrefab: {fileID: 100100000, guid: 5f06d23e36de5c949a47b71dd98f3938, type: 3}
--- !u!4 &1321359043453394358 stripped
Transform:
  m_CorrespondingSourceObject: {fileID: -4216859302048453862, guid: 5f06d23e36de5c949a47b71dd98f3938,
    type: 3}
  m_PrefabInstance: {fileID: 6281639405909423788}
  m_PrefabAsset: {fileID: 0}
--- !u!1001 &6281639405987138589
PrefabInstance:
  m_ObjectHideFlags: 0
  serializedVersion: 2
  m_Modification:
    m_TransformParent: {fileID: 6281639406128553225}
    m_Modifications:
    - target: {fileID: -927199367670048503, guid: 771e83a2ffc18414d966816c10ceb059,
        type: 3}
      propertyPath: m_Name
      value: Rock
      objectReference: {fileID: 0}
    - target: {fileID: -4216859302048453862, guid: 771e83a2ffc18414d966816c10ceb059,
        type: 3}
      propertyPath: m_LocalPosition.x
      value: -0
      objectReference: {fileID: 0}
    - target: {fileID: -4216859302048453862, guid: 771e83a2ffc18414d966816c10ceb059,
        type: 3}
      propertyPath: m_LocalPosition.y
      value: 0
      objectReference: {fileID: 0}
    - target: {fileID: -4216859302048453862, guid: 771e83a2ffc18414d966816c10ceb059,
        type: 3}
      propertyPath: m_LocalPosition.z
      value: 0
      objectReference: {fileID: 0}
    - target: {fileID: -4216859302048453862, guid: 771e83a2ffc18414d966816c10ceb059,
        type: 3}
      propertyPath: m_LocalRotation.x
      value: 0
      objectReference: {fileID: 0}
    - target: {fileID: -4216859302048453862, guid: 771e83a2ffc18414d966816c10ceb059,
        type: 3}
      propertyPath: m_LocalRotation.y
      value: -0
      objectReference: {fileID: 0}
    - target: {fileID: -4216859302048453862, guid: 771e83a2ffc18414d966816c10ceb059,
        type: 3}
      propertyPath: m_LocalRotation.z
      value: -0
      objectReference: {fileID: 0}
    - target: {fileID: -4216859302048453862, guid: 771e83a2ffc18414d966816c10ceb059,
        type: 3}
      propertyPath: m_LocalRotation.w
      value: 1
      objectReference: {fileID: 0}
    - target: {fileID: -4216859302048453862, guid: 771e83a2ffc18414d966816c10ceb059,
        type: 3}
      propertyPath: m_RootOrder
      value: 4
      objectReference: {fileID: 0}
    - target: {fileID: -4216859302048453862, guid: 771e83a2ffc18414d966816c10ceb059,
        type: 3}
      propertyPath: m_LocalEulerAnglesHint.x
      value: 0
      objectReference: {fileID: 0}
    - target: {fileID: -4216859302048453862, guid: 771e83a2ffc18414d966816c10ceb059,
        type: 3}
      propertyPath: m_LocalEulerAnglesHint.y
      value: 0
      objectReference: {fileID: 0}
    - target: {fileID: -4216859302048453862, guid: 771e83a2ffc18414d966816c10ceb059,
        type: 3}
      propertyPath: m_LocalEulerAnglesHint.z
      value: 0
      objectReference: {fileID: 0}
    - target: {fileID: -8124779524761575925, guid: 771e83a2ffc18414d966816c10ceb059,
        type: 3}
      propertyPath: m_LocalRotation.x
      value: 0.04475275
      objectReference: {fileID: 0}
    - target: {fileID: -8124779524761575925, guid: 771e83a2ffc18414d966816c10ceb059,
        type: 3}
      propertyPath: m_LocalRotation.y
      value: -0.636569
      objectReference: {fileID: 0}
    - target: {fileID: -8124779524761575925, guid: 771e83a2ffc18414d966816c10ceb059,
        type: 3}
      propertyPath: m_LocalRotation.z
      value: 0.0120181525
      objectReference: {fileID: 0}
    - target: {fileID: -8124779524761575925, guid: 771e83a2ffc18414d966816c10ceb059,
        type: 3}
      propertyPath: m_LocalRotation.w
      value: 0.76982635
      objectReference: {fileID: 0}
    - target: {fileID: -8124779524761575925, guid: 771e83a2ffc18414d966816c10ceb059,
        type: 3}
      propertyPath: m_LocalPosition.x
      value: 11.216559
      objectReference: {fileID: 0}
    - target: {fileID: -8124779524761575925, guid: 771e83a2ffc18414d966816c10ceb059,
        type: 3}
      propertyPath: m_LocalPosition.y
      value: 0.5483682
      objectReference: {fileID: 0}
    - target: {fileID: -8124779524761575925, guid: 771e83a2ffc18414d966816c10ceb059,
        type: 3}
      propertyPath: m_LocalPosition.z
      value: -9.078268
      objectReference: {fileID: 0}
    - target: {fileID: -8124779524761575925, guid: 771e83a2ffc18414d966816c10ceb059,
        type: 3}
      propertyPath: m_LocalEulerAnglesHint.x
      value: 4.8300004
      objectReference: {fileID: 0}
    - target: {fileID: -8124779524761575925, guid: 771e83a2ffc18414d966816c10ceb059,
        type: 3}
      propertyPath: m_LocalEulerAnglesHint.y
      value: -79.268005
      objectReference: {fileID: 0}
    - target: {fileID: -8124779524761575925, guid: 771e83a2ffc18414d966816c10ceb059,
        type: 3}
      propertyPath: m_LocalEulerAnglesHint.z
      value: -2.213
      objectReference: {fileID: 0}
    - target: {fileID: -6435757271338141490, guid: 771e83a2ffc18414d966816c10ceb059,
        type: 3}
      propertyPath: m_LocalRotation.x
      value: 0.04475275
      objectReference: {fileID: 0}
    - target: {fileID: -6435757271338141490, guid: 771e83a2ffc18414d966816c10ceb059,
        type: 3}
      propertyPath: m_LocalRotation.y
      value: -0.636569
      objectReference: {fileID: 0}
    - target: {fileID: -6435757271338141490, guid: 771e83a2ffc18414d966816c10ceb059,
        type: 3}
      propertyPath: m_LocalRotation.z
      value: 0.0120181525
      objectReference: {fileID: 0}
    - target: {fileID: -6435757271338141490, guid: 771e83a2ffc18414d966816c10ceb059,
        type: 3}
      propertyPath: m_LocalRotation.w
      value: 0.76982635
      objectReference: {fileID: 0}
    - target: {fileID: -6435757271338141490, guid: 771e83a2ffc18414d966816c10ceb059,
        type: 3}
      propertyPath: m_LocalPosition.x
      value: 11.216559
      objectReference: {fileID: 0}
    - target: {fileID: -6435757271338141490, guid: 771e83a2ffc18414d966816c10ceb059,
        type: 3}
      propertyPath: m_LocalPosition.y
      value: 0.5483682
      objectReference: {fileID: 0}
    - target: {fileID: -6435757271338141490, guid: 771e83a2ffc18414d966816c10ceb059,
        type: 3}
      propertyPath: m_LocalPosition.z
      value: -9.078268
      objectReference: {fileID: 0}
    - target: {fileID: -6435757271338141490, guid: 771e83a2ffc18414d966816c10ceb059,
        type: 3}
      propertyPath: m_LocalEulerAnglesHint.x
      value: 4.8300004
      objectReference: {fileID: 0}
    - target: {fileID: -6435757271338141490, guid: 771e83a2ffc18414d966816c10ceb059,
        type: 3}
      propertyPath: m_LocalEulerAnglesHint.y
      value: -79.268005
      objectReference: {fileID: 0}
    - target: {fileID: -6435757271338141490, guid: 771e83a2ffc18414d966816c10ceb059,
        type: 3}
      propertyPath: m_LocalEulerAnglesHint.z
      value: -2.213
      objectReference: {fileID: 0}
    m_RemovedComponents: []
  m_SourcePrefab: {fileID: 100100000, guid: 771e83a2ffc18414d966816c10ceb059, type: 3}
--- !u!4 &1321359043514345223 stripped
Transform:
  m_CorrespondingSourceObject: {fileID: -4216859302048453862, guid: 771e83a2ffc18414d966816c10ceb059,
    type: 3}
  m_PrefabInstance: {fileID: 6281639405987138589}
  m_PrefabAsset: {fileID: 0}
--- !u!1001 &6281639406325844621
PrefabInstance:
  m_ObjectHideFlags: 0
  serializedVersion: 2
  m_Modification:
    m_TransformParent: {fileID: 6281639406128553225}
    m_Modifications:
    - target: {fileID: -927199367670048503, guid: 2638238eb5d9c1140a550c964f756970,
        type: 3}
      propertyPath: m_Name
      value: Coconut
      objectReference: {fileID: 0}
    - target: {fileID: -4216859302048453862, guid: 2638238eb5d9c1140a550c964f756970,
        type: 3}
      propertyPath: m_LocalPosition.x
      value: -0
      objectReference: {fileID: 0}
    - target: {fileID: -4216859302048453862, guid: 2638238eb5d9c1140a550c964f756970,
        type: 3}
      propertyPath: m_LocalPosition.y
      value: 0
      objectReference: {fileID: 0}
    - target: {fileID: -4216859302048453862, guid: 2638238eb5d9c1140a550c964f756970,
        type: 3}
      propertyPath: m_LocalPosition.z
      value: 0
      objectReference: {fileID: 0}
    - target: {fileID: -4216859302048453862, guid: 2638238eb5d9c1140a550c964f756970,
        type: 3}
      propertyPath: m_LocalRotation.x
      value: 0
      objectReference: {fileID: 0}
    - target: {fileID: -4216859302048453862, guid: 2638238eb5d9c1140a550c964f756970,
        type: 3}
      propertyPath: m_LocalRotation.y
      value: -0
      objectReference: {fileID: 0}
    - target: {fileID: -4216859302048453862, guid: 2638238eb5d9c1140a550c964f756970,
        type: 3}
      propertyPath: m_LocalRotation.z
      value: -0
      objectReference: {fileID: 0}
    - target: {fileID: -4216859302048453862, guid: 2638238eb5d9c1140a550c964f756970,
        type: 3}
      propertyPath: m_LocalRotation.w
      value: 1
      objectReference: {fileID: 0}
    - target: {fileID: -4216859302048453862, guid: 2638238eb5d9c1140a550c964f756970,
        type: 3}
      propertyPath: m_RootOrder
      value: 1
      objectReference: {fileID: 0}
    - target: {fileID: -4216859302048453862, guid: 2638238eb5d9c1140a550c964f756970,
        type: 3}
      propertyPath: m_LocalEulerAnglesHint.x
      value: 0
      objectReference: {fileID: 0}
    - target: {fileID: -4216859302048453862, guid: 2638238eb5d9c1140a550c964f756970,
        type: 3}
      propertyPath: m_LocalEulerAnglesHint.y
      value: 0
      objectReference: {fileID: 0}
    - target: {fileID: -4216859302048453862, guid: 2638238eb5d9c1140a550c964f756970,
        type: 3}
      propertyPath: m_LocalEulerAnglesHint.z
      value: 0
      objectReference: {fileID: 0}
    - target: {fileID: -458550838902268175, guid: 2638238eb5d9c1140a550c964f756970,
        type: 3}
      propertyPath: m_LocalRotation.x
      value: -0.14512186
      objectReference: {fileID: 0}
    - target: {fileID: -458550838902268175, guid: 2638238eb5d9c1140a550c964f756970,
        type: 3}
      propertyPath: m_LocalRotation.y
      value: -0.62012964
      objectReference: {fileID: 0}
    - target: {fileID: -458550838902268175, guid: 2638238eb5d9c1140a550c964f756970,
        type: 3}
      propertyPath: m_LocalRotation.z
      value: -0.1442294
      objectReference: {fileID: 0}
    - target: {fileID: -458550838902268175, guid: 2638238eb5d9c1140a550c964f756970,
        type: 3}
      propertyPath: m_LocalRotation.w
      value: 0.7573485
      objectReference: {fileID: 0}
    - target: {fileID: -458550838902268175, guid: 2638238eb5d9c1140a550c964f756970,
        type: 3}
      propertyPath: m_LocalPosition.x
      value: 3.376659
      objectReference: {fileID: 0}
    - target: {fileID: -458550838902268175, guid: 2638238eb5d9c1140a550c964f756970,
        type: 3}
      propertyPath: m_LocalPosition.y
      value: 1.3923906
      objectReference: {fileID: 0}
    - target: {fileID: -458550838902268175, guid: 2638238eb5d9c1140a550c964f756970,
        type: 3}
      propertyPath: m_LocalPosition.z
      value: -7.5326295
      objectReference: {fileID: 0}
    - target: {fileID: -458550838902268175, guid: 2638238eb5d9c1140a550c964f756970,
        type: 3}
      propertyPath: m_LocalEulerAnglesHint.x
      value: -23.497002
      objectReference: {fileID: 0}
    - target: {fileID: -458550838902268175, guid: 2638238eb5d9c1140a550c964f756970,
        type: 3}
      propertyPath: m_LocalEulerAnglesHint.y
      value: -78.122
      objectReference: {fileID: 0}
    - target: {fileID: -458550838902268175, guid: 2638238eb5d9c1140a550c964f756970,
        type: 3}
      propertyPath: m_LocalEulerAnglesHint.z
      value: -2.404
      objectReference: {fileID: 0}
    - target: {fileID: 7432744866169297045, guid: 2638238eb5d9c1140a550c964f756970,
        type: 3}
      propertyPath: m_LocalRotation.x
      value: -0.14512186
      objectReference: {fileID: 0}
    - target: {fileID: 7432744866169297045, guid: 2638238eb5d9c1140a550c964f756970,
        type: 3}
      propertyPath: m_LocalRotation.y
      value: -0.62012964
      objectReference: {fileID: 0}
    - target: {fileID: 7432744866169297045, guid: 2638238eb5d9c1140a550c964f756970,
        type: 3}
      propertyPath: m_LocalRotation.z
      value: -0.1442294
      objectReference: {fileID: 0}
    - target: {fileID: 7432744866169297045, guid: 2638238eb5d9c1140a550c964f756970,
        type: 3}
      propertyPath: m_LocalRotation.w
      value: 0.7573485
      objectReference: {fileID: 0}
    - target: {fileID: 7432744866169297045, guid: 2638238eb5d9c1140a550c964f756970,
        type: 3}
      propertyPath: m_LocalPosition.x
      value: 3.376659
      objectReference: {fileID: 0}
    - target: {fileID: 7432744866169297045, guid: 2638238eb5d9c1140a550c964f756970,
        type: 3}
      propertyPath: m_LocalPosition.y
      value: 1.3923906
      objectReference: {fileID: 0}
    - target: {fileID: 7432744866169297045, guid: 2638238eb5d9c1140a550c964f756970,
        type: 3}
      propertyPath: m_LocalPosition.z
      value: -7.5326295
      objectReference: {fileID: 0}
    - target: {fileID: 7432744866169297045, guid: 2638238eb5d9c1140a550c964f756970,
        type: 3}
      propertyPath: m_LocalEulerAnglesHint.x
      value: -23.497002
      objectReference: {fileID: 0}
    - target: {fileID: 7432744866169297045, guid: 2638238eb5d9c1140a550c964f756970,
        type: 3}
      propertyPath: m_LocalEulerAnglesHint.y
      value: -78.122
      objectReference: {fileID: 0}
    - target: {fileID: 7432744866169297045, guid: 2638238eb5d9c1140a550c964f756970,
        type: 3}
      propertyPath: m_LocalEulerAnglesHint.z
      value: -2.404
      objectReference: {fileID: 0}
    - target: {fileID: 963652543794342415, guid: 2638238eb5d9c1140a550c964f756970,
        type: 3}
      propertyPath: m_LocalRotation.x
      value: -0.14512186
      objectReference: {fileID: 0}
    - target: {fileID: 963652543794342415, guid: 2638238eb5d9c1140a550c964f756970,
        type: 3}
      propertyPath: m_LocalRotation.y
      value: -0.62012964
      objectReference: {fileID: 0}
    - target: {fileID: 963652543794342415, guid: 2638238eb5d9c1140a550c964f756970,
        type: 3}
      propertyPath: m_LocalRotation.z
      value: -0.1442294
      objectReference: {fileID: 0}
    - target: {fileID: 963652543794342415, guid: 2638238eb5d9c1140a550c964f756970,
        type: 3}
      propertyPath: m_LocalRotation.w
      value: 0.7573485
      objectReference: {fileID: 0}
    - target: {fileID: 963652543794342415, guid: 2638238eb5d9c1140a550c964f756970,
        type: 3}
      propertyPath: m_LocalPosition.x
      value: 3.376659
      objectReference: {fileID: 0}
    - target: {fileID: 963652543794342415, guid: 2638238eb5d9c1140a550c964f756970,
        type: 3}
      propertyPath: m_LocalPosition.y
      value: 1.3923906
      objectReference: {fileID: 0}
    - target: {fileID: 963652543794342415, guid: 2638238eb5d9c1140a550c964f756970,
        type: 3}
      propertyPath: m_LocalPosition.z
      value: -7.5326295
      objectReference: {fileID: 0}
    - target: {fileID: 963652543794342415, guid: 2638238eb5d9c1140a550c964f756970,
        type: 3}
      propertyPath: m_LocalEulerAnglesHint.x
      value: -23.497002
      objectReference: {fileID: 0}
    - target: {fileID: 963652543794342415, guid: 2638238eb5d9c1140a550c964f756970,
        type: 3}
      propertyPath: m_LocalEulerAnglesHint.y
      value: -78.122
      objectReference: {fileID: 0}
    - target: {fileID: 963652543794342415, guid: 2638238eb5d9c1140a550c964f756970,
        type: 3}
      propertyPath: m_LocalEulerAnglesHint.z
      value: -2.404
      objectReference: {fileID: 0}
    m_RemovedComponents: []
  m_SourcePrefab: {fileID: 100100000, guid: 2638238eb5d9c1140a550c964f756970, type: 3}
--- !u!4 &1321359043838370199 stripped
Transform:
  m_CorrespondingSourceObject: {fileID: -4216859302048453862, guid: 2638238eb5d9c1140a550c964f756970,
    type: 3}
  m_PrefabInstance: {fileID: 6281639406325844621}
  m_PrefabAsset: {fileID: 0}
--- !u!1001 &6281639407701178747
PrefabInstance:
  m_ObjectHideFlags: 0
  serializedVersion: 2
  m_Modification:
    m_TransformParent: {fileID: 6281639406128553225}
    m_Modifications:
    - target: {fileID: -927199367670048503, guid: 1e00f91b6c603bb4d95eea82ce824d04,
        type: 3}
      propertyPath: m_Name
      value: Coconut Tree
      objectReference: {fileID: 0}
    - target: {fileID: -4216859302048453862, guid: 1e00f91b6c603bb4d95eea82ce824d04,
        type: 3}
      propertyPath: m_LocalPosition.x
      value: -0
      objectReference: {fileID: 0}
    - target: {fileID: -4216859302048453862, guid: 1e00f91b6c603bb4d95eea82ce824d04,
        type: 3}
      propertyPath: m_LocalPosition.y
      value: 0
      objectReference: {fileID: 0}
    - target: {fileID: -4216859302048453862, guid: 1e00f91b6c603bb4d95eea82ce824d04,
        type: 3}
      propertyPath: m_LocalPosition.z
      value: 0
      objectReference: {fileID: 0}
    - target: {fileID: -4216859302048453862, guid: 1e00f91b6c603bb4d95eea82ce824d04,
        type: 3}
      propertyPath: m_LocalRotation.x
      value: 0
      objectReference: {fileID: 0}
    - target: {fileID: -4216859302048453862, guid: 1e00f91b6c603bb4d95eea82ce824d04,
        type: 3}
      propertyPath: m_LocalRotation.y
      value: -0
      objectReference: {fileID: 0}
    - target: {fileID: -4216859302048453862, guid: 1e00f91b6c603bb4d95eea82ce824d04,
        type: 3}
      propertyPath: m_LocalRotation.z
      value: -0
      objectReference: {fileID: 0}
    - target: {fileID: -4216859302048453862, guid: 1e00f91b6c603bb4d95eea82ce824d04,
        type: 3}
      propertyPath: m_LocalRotation.w
      value: 1
      objectReference: {fileID: 0}
    - target: {fileID: -4216859302048453862, guid: 1e00f91b6c603bb4d95eea82ce824d04,
        type: 3}
      propertyPath: m_RootOrder
      value: 3
      objectReference: {fileID: 0}
    - target: {fileID: -4216859302048453862, guid: 1e00f91b6c603bb4d95eea82ce824d04,
        type: 3}
      propertyPath: m_LocalEulerAnglesHint.x
      value: 0
      objectReference: {fileID: 0}
    - target: {fileID: -4216859302048453862, guid: 1e00f91b6c603bb4d95eea82ce824d04,
        type: 3}
      propertyPath: m_LocalEulerAnglesHint.y
      value: 0
      objectReference: {fileID: 0}
    - target: {fileID: -4216859302048453862, guid: 1e00f91b6c603bb4d95eea82ce824d04,
        type: 3}
      propertyPath: m_LocalEulerAnglesHint.z
      value: 0
      objectReference: {fileID: 0}
    - target: {fileID: -1955574832593819065, guid: 1e00f91b6c603bb4d95eea82ce824d04,
        type: 3}
      propertyPath: m_LocalRotation.x
      value: 0.04475275
      objectReference: {fileID: 0}
    - target: {fileID: -1955574832593819065, guid: 1e00f91b6c603bb4d95eea82ce824d04,
        type: 3}
      propertyPath: m_LocalRotation.y
      value: -0.636569
      objectReference: {fileID: 0}
    - target: {fileID: -1955574832593819065, guid: 1e00f91b6c603bb4d95eea82ce824d04,
        type: 3}
      propertyPath: m_LocalRotation.z
      value: 0.0120181525
      objectReference: {fileID: 0}
    - target: {fileID: -1955574832593819065, guid: 1e00f91b6c603bb4d95eea82ce824d04,
        type: 3}
      propertyPath: m_LocalRotation.w
      value: 0.76982635
      objectReference: {fileID: 0}
    - target: {fileID: -1955574832593819065, guid: 1e00f91b6c603bb4d95eea82ce824d04,
        type: 3}
      propertyPath: m_LocalPosition.x
      value: 11.216559
      objectReference: {fileID: 0}
    - target: {fileID: -1955574832593819065, guid: 1e00f91b6c603bb4d95eea82ce824d04,
        type: 3}
      propertyPath: m_LocalPosition.y
      value: 0.5483682
      objectReference: {fileID: 0}
    - target: {fileID: -1955574832593819065, guid: 1e00f91b6c603bb4d95eea82ce824d04,
        type: 3}
      propertyPath: m_LocalPosition.z
      value: -9.078268
      objectReference: {fileID: 0}
    - target: {fileID: -1955574832593819065, guid: 1e00f91b6c603bb4d95eea82ce824d04,
        type: 3}
      propertyPath: m_LocalEulerAnglesHint.x
      value: 4.8300004
      objectReference: {fileID: 0}
    - target: {fileID: -1955574832593819065, guid: 1e00f91b6c603bb4d95eea82ce824d04,
        type: 3}
      propertyPath: m_LocalEulerAnglesHint.y
      value: -79.268005
      objectReference: {fileID: 0}
    - target: {fileID: -1955574832593819065, guid: 1e00f91b6c603bb4d95eea82ce824d04,
        type: 3}
      propertyPath: m_LocalEulerAnglesHint.z
      value: -2.213
      objectReference: {fileID: 0}
    m_RemovedComponents: []
  m_SourcePrefab: {fileID: 100100000, guid: 1e00f91b6c603bb4d95eea82ce824d04, type: 3}
--- !u!4 &1321359045210542689 stripped
Transform:
  m_CorrespondingSourceObject: {fileID: -4216859302048453862, guid: 1e00f91b6c603bb4d95eea82ce824d04,
    type: 3}
  m_PrefabInstance: {fileID: 6281639407701178747}
  m_PrefabAsset: {fileID: 0}
